@inproceedings{pennington2014glove,
  author = {Jeffrey Pennington and Richard Socher and Christopher D. Manning},
  booktitle = {Empirical Methods in Natural Language Processing (EMNLP)},
  title = {GloVe: Global Vectors for Word Representation},
  year = {2014},
  month = {},
  pages = {1532--1543},
  url = {http://www.aclweb.org/anthology/D14-1162},
}
@inproceedings{ICML2015JozefowiczZS,
  author        = "Rafal JÃ³zefowicz and Wojciech Zaremba and Ilya Sutskever",
  booktitle     = "{Proceedings of the 32nd International Conference on Machine Learning}",
  ee            = "http://jmlr.org/proceedings/papers/v37/jozefowicz15.html",
  pages         = "2342--2350",
  publisher     = "{JMLR.org}",
  series        = "{JMLR Proceedings}",
  title         = "{An Empirical Exploration of Recurrent Network Architectures}",
  volume        = 37,
  year          = 2015,
}
